<?xml version="1.0" encoding="UTF-8"?><collection xmlns="http://www.loc.gov/MARC21/slim"><record><leader>00330nam--2200121-i-4500</leader><controlfield tag="001">000003992</controlfield><controlfield tag="002">20161230</controlfield><controlfield tag="005">20161230201025</controlfield><controlfield tag="008">060222s1000------------r-----000-0-eng-d</controlfield><datafield ind1=" " ind2=" " tag="080"><subfield code="a">681.14</subfield></datafield><datafield ind1=" " ind2=" " tag="245"><subfield code="a">Computer development (seac and dyseac) at the national bureanu of standards</subfield></datafield><datafield ind1=" " ind2=" " tag="260"><subfield code="a">Washington, Nbs, 1955 146 P</subfield></datafield><datafield ind1=" " ind2=" " tag="852"><subfield code="a">12261</subfield></datafield></record></collection>